<record><leader>00000cas a22000007a 4500</leader><controlfield tag="001">24293322</controlfield><controlfield tag="008">910826d19291954njuwr ne      0    0eng d</controlfield><datafield ind1=" " ind2=" " tag="010"><subfield code="a">sn 91064031 </subfield></datafield><datafield ind1=" " ind2=" " tag="040"><subfield code="a">NJW</subfield><subfield code="b">eng</subfield><subfield code="c">NJW</subfield><subfield code="d">OCL</subfield><subfield code="d">OCLCQ</subfield></datafield><datafield ind1="0" ind2="4" tag="245"><subfield code="a">The Pleasantville press and the Ventnor news.</subfield></datafield><datafield ind1="1" ind2="4" tag="246"><subfield code="a">Pleasantville press</subfield></datafield><datafield ind1=" " ind2=" " tag="260"><subfield code="a">Pleasantville, N.J. :</subfield><subfield code="b">Kenneth W. Goldthwaite</subfield></datafield><datafield ind1=" " ind2=" " tag="300"><subfield code="a">v.</subfield></datafield><datafield ind1=" " ind2=" " tag="310"><subfield code="a">Weekly,</subfield><subfield code="b">&lt;1933&gt;-1954</subfield></datafield><datafield ind1=" " ind2=" " tag="321"><subfield code="a">Semiweekly,</subfield><subfield code="b">Sept. 6, 1929-Dec. 23, 1932</subfield></datafield><datafield ind1="0" ind2=" " tag="362"><subfield code="a">Vol. 35, no. 62 (Sept. 6, 1929)-65th year, no. 47 (Dec. 17, 1954).</subfield></datafield><datafield ind1=" " ind2=" " tag="500"><subfield code="a">"And the Ventnor news" dropped from masthead beginning with Oct. 22, 1954 issue.</subfield></datafield><datafield ind1=" " ind2=" " tag="752"><subfield code="a">United States</subfield><subfield code="b">New Jersey</subfield><subfield code="c">Atlantic</subfield><subfield code="d">Pleasantville.</subfield></datafield><datafield ind1=" " ind2=" " tag="752"><subfield code="a">United States</subfield><subfield code="b">New Jersey</subfield><subfield code="c">Atlantic</subfield><subfield code="d">Ventnor.</subfield></datafield><datafield ind1="0" ind2="4" tag="780"><subfield code="t">Pleasantville press (Pleasantville, N.J. : 1912)</subfield><subfield code="w">(DLC)sn 91064030</subfield><subfield code="w">(OCoLC)24293088</subfield></datafield><datafield ind1="0" ind2="4" tag="780"><subfield code="t">Ventnor news (Ventnor City, N.J. : 1928)</subfield><subfield code="w">(DLC)sn 92059907</subfield><subfield code="w">(OCoLC)25324571</subfield></datafield><datafield ind1="0" ind2="0" tag="785"><subfield code="t">Pleasantville press (Pleasantville, N.J. : 1954)</subfield><subfield code="w">(DLC)sn 91064032</subfield><subfield code="w">(OCoLC)24302155</subfield></datafield></record>